@Book{Serre,
 Author = {Serre, Jean-Pierre},
 Title = {Local fields. {Translated} from the {French} by {Marvin} {Jay} {Greenberg}},
 FSeries = {Graduate Texts in Mathematics},
 Series = {Grad. Texts Math.},
 ISSN = {0072-5285},
 Volume = {67},
 Year = {1979},
 Publisher = {Springer, Cham},
 Language = {English},
 Keywords = {11Sxx,11-01,11-02,14Gxx},
 zbMATH = {3657912},
 Zbl = {0423.12016}
}

@Book{Neukirch,
 Author = {Neukirch, J{\"u}rgen},
 Title = {Algebraic number theory. {Transl}. from the {German} by {Norbert} {Schappacher}},
 FSeries = {Grundlehren der Mathematischen Wissenschaften},
 Series = {Grundlehren Math. Wiss.},
 ISSN = {0072-7830},
 Volume = {322},
 ISBN = {3-540-65399-6},
 Year = {1999},
 Publisher = {Berlin: Springer},
 Language = {English},
 Keywords = {11Rxx,11Sxx,11-02,11-01},
 zbMATH = {1313469},
 Zbl = {0956.11021}
}